@ONLINE{KAGGLE,
	author = {Kaggle},
	title = {Springleaf Marketing Data},
	year = {2015},
	url = {https://www.kaggle.com/c/springleaf-marketing-response}
}